@manual{mcjava,
    author = {Čupić, M.},
    title = {Programiranje u Javi},
    url = {http://java.zemris.fer.hr/nastava/opjj/book-2015-09-30.pdf}
}

@manual{matematika,
    author = {Posokhova, I.},
    title = {Matematika bez suza},
    url = {https://www.izvorznanja.com/teaser/117.pdf}
}

@online{gamification,
  title = {Gamification},
  url = {https://en.wikipedia.org/wiki/Gamification},
  note = {Pristupljeno: 29. 3. 2022.}
}


@online{postgresql,
  title = {PostgreSQL},
  url = {https://www.postgresql.org/},
  note = {Pristupljeno: 16. 5. 2022.}
}




@online{customview,
  title = {Custom compound views - Android Development},
  url = {https://www.youtube.com/watch?v=NNQndkEt67c},
  note = {Pristupljeno: 11. 4. 2022.}
}

@online{surfaceview,
  title = {Make Your Custom View 60fps in Android},
  url = {https://medium.com/rosberryapps/make-your-custom-view-60fps-in-android-4587bbffa557},
  note = {Pristupljeno: 31. 3. 2022.}
}

@online{surfaceview2,
  title = {Android Canvas and Create Custom View},
  url = {https://medium.com/@huseyinozkoc/android-canvas-and-create-custom-view-c6ed11fcc42f},
  note = {Pristupljeno: 11. 5. 2022.}
}


@online{post,
  title = {POST Json in Java ~ HttpURLConnection ~},
  url = {https://linuxtut.com/post-json-in-java-~-httpurlconnection-~-b269a/},
  note = {Pristupljeno: 11. 5. 2022.}
}

@online{node,
  title = {Node.js},
  url = {https://en.wikipedia.org/wiki/Node.js},
  note = {Pristupljeno: 29. 5. 2022.}
}

@online{ejs,
  title = {Embedded JavaScript templating},
  url = {https://ejs.co/},
  note = {Pristupljeno: 29. 5. 2022.}
}

@online{toon,
  title = {Toon Math Runner: Math Games},
  url = {https://play.google.com/store/apps/details?id=com.closeapps.mathrun&hl=en&gl=US},
  note = {Pristupljeno: 23. 5. 2022.}
}

@online{mathjump,
  title = {Math Jumps: Math Games},
  url = {https://play.google.com/store/apps/details?id=run.mathgames.jump&hl=en&gl=US},
  note = {Pristupljeno: 23. 5. 2022.}
}

@online{mathrun,
  title = {Mathematical Run (Math games)},
  url = {https://play.google.com/store/apps/details?id=com.eagletap.mathematicalrun&hl=en&gl=US},
  note = {Pristupljeno: 23. 5. 2022.}
}




















